@article{sadat2012,
  title={The impact of physical design factors on the effective use of public squares},
  author={Hajmirsadeghi, Reihaneh Sadat and Shamsuddin, Shuhana and Foroughi, Amir},
  journal={International Journal of Fundamental Psychology and Social Sciences},
  volume={2},
  number={3},
  pages={49--56},
  year={2012},
  publisher={Citeseer}
}

@article{einstein,
    author =       "Albert Einstein",
    title =        "{Zur Elektrodynamik bewegter K{\"o}rper}. ({German})
        [{On} the electrodynamics of moving bodies]",
    journal =      "Annalen der Physik",
    volume =       "322",
    number =       "10",
    pages =        "891--921",
    year =         "1905",
    DOI =          "http://dx.doi.org/10.1002/andp.19053221004"
}

@book{latexcompanion,
    author    = "Michel Goossens and Frank Mittelbach and Alexander Samarin",
    title     = "The \LaTeX\ Companion",
    year      = "1993",
    publisher = "Addison-Wesley",
    address   = "Reading, Massachusetts"
}

@misc{knuthwebsite,
    author    = "Donald Knuth",
    title     = "Knuth: Computers and Typesetting",
    year      = "1993",
    url       = "http://www-cs-faculty.stanford.edu/\~{}uno/abcde.html"
}

@book{low2009,
  title={Rethinking urban parks: Public space and cultural diversity},
  author={Low, Setha M and Taplin, Dana and Scheld, Suzanne},
  year={2009},
  publisher={University of Texas Press}
}

@article{akkar2007,
  title={Public spaces of post-industrial cities and their changing roles},
  author={Akkar Ercan, Z{\"u}beyde M{\"u}ge},
  year={2007},
  publisher={Middle East Technical University, Faculty of Architecture}
}

@inproceedings{ahmadi2009,
  title={Sustainable Design for Open Spaces by Modify Traditional Neighborhood Centers in Iran},
  author={Ahmadi, Vahid and Che-Ani, AI and Surat, M and Zain, M Fauzi M and Farkisch, Hero and Asadi, Mohsen},
  booktitle={Proceedings of the Regional Engineering Postgraduate Conference held in Bangi, Malaysia, 20-21 October 2009},
  year={2009}
}

@article{shafar2021,
  title={EFEKTIVITAS PEMANFAATAN ALUN-ALUN SEBAGAI RUANG TERBUKA PUBLIK},
  author={Shafar, Muhammad Uliah and Sari, Suzanna Ratih},
  journal={Nature: National Academic Journal of Architecture},
  volume={8},
  number={1},
  pages={53--61},
  year={2021}
}
